@inproceedings{9622845,
  author    = {Li, Longlong and Chen, Hu and Li, Ping and Han, Jie and Wang, Guanghui and Zhang, Gong},
  booktitle = {2021 IEEE High Performance Extreme Computing Conference (HPEC)},
  title     = {The K-Core Decomposition Algorithm Under the Framework of GraphBLAS},
  year      = {2021},
  volume    = {},
  number    = {},
  pages     = {1-7},
  doi       = {10.1109/HPEC49654.2021.9622845}
}

@article{Amin_2003,
  author  = {Amin, Altaf and Nishikata, Kensaku and Koma, T. and Miyasato, T. and Shinbo, Y. and Arifuzzaman, M. and Wada, C. and Maeda, M. and Oshima, T. and Mori, H. and Kanaya, Shigehiko},
  year    = {2003},
  month   = {01},
  pages   = {498-499},
  title   = {Prediction of protein functions based on k-cores of protein-protein interaction networks and amino acid sequences},
  volume  = {14},
  journal = {Genome Informatics}
}

@article{Hamelin_2006,
  author = {Alvarez-Hamelin, Jos√© and Dall'Asta, Luca and Barrat, Alain and Vespignani, Alessandro},
  year   = {2006},
  month  = {01},
  pages  = {},
  title  = {How the k-core decomposition helps in understanding the Internet Topology}
}

@misc{dey2020network,
  title         = {Network Robustness via Global k-cores},
  author        = {Palash Dey and Suman Kalyan Maity and Sourav Medya and Arlei Silva},
  year          = {2020},
  eprint        = {2012.10036},
  archiveprefix = {arXiv},
  primaryclass  = {cs.SI}
}